@phdthesis{diener_2008, 
    title={Relativistic mean-field theory applied to the study of neutron star properties}, 
    author={Diener, Jacobus Petrus William}, 
    institution={Stellenbosch University},
    year={2008}}