@incollection{cosmos, 
    title={Neutron Stars}, 
    url={https://astronomy.swin.edu.au/cosmos/n/neutron+star#:~:text=Neutrons%20stars%20are%20extreme%20objects,weigh%20around%20a%20billion%20tonnes.}, 
    Booktitle={COSMOS - The SAO Encyclopedia of Astronomy}
}

@book{key,
  author         = {Norman K. Glendenning},
  publisher      = {Springer},
  title          = {Compact Stars},
  year           = {1997}
}

@book{key,
  author         = {Bernard F. Schutz},
  publisher      = {Cambridge University Press},
  title          = {A First Course in General Relativity},
  year           = {2009}
}

@phdthesis{diener_2008, 
    title={Relativistic mean-field theory applied to the study of neutron star properties}, 
    author={Diener, Jacobus Petrus William}, 
    institution={Stellenbosch University},
    year={2008}}

@article{SLy_2004,
   title={Analytical representations of unified equations of state of neutron-star matter},
   volume={428},
   ISSN={1432-0746},
   url={http://dx.doi.org/10.1051/0004-6361:20041722},
   DOI={10.1051/0004-6361:20041722},
   number={1},
   journal={Astronomy \& Astrophysics},
   publisher={EDP Sciences},
   author={Haensel, P. and Potekhin, A. Y.},
   year={2004},
   month={Nov},
   pages={191–197} }

@article{BSk_2013,
   title={Analytical representations of unified equations of state for neutron-star matter},
   volume={560},
   ISSN={1432-0746},
   url={http://dx.doi.org/10.1051/0004-6361/201321697},
   DOI={10.1051/0004-6361/201321697},
   journal={Astronomy \& Astrophysics},
   publisher={EDP Sciences},
   author={Potekhin, A. Y. and Fantina, A. F. and Chamel, N. and Pearson, J. M. and Goriely, S.},
   year={2013},
   month={Dec},
   pages={A48} }